<?xml version="1.0" encoding="UTF-8"?><collection xmlns="http://www.loc.gov/MARC21/slim"><record><leader>00346nam--2200121-i-4500</leader><controlfield tag="001">000040664</controlfield><controlfield tag="002">20161230</controlfield><controlfield tag="005">20161230201042</controlfield><controlfield tag="008">060222s1000------------r-----000-0-eng-d</controlfield><datafield ind1=" " ind2=" " tag="100"><subfield code="a">Schreiber,H</subfield></datafield><datafield ind1=" " ind2=" " tag="245"><subfield code="a">Technique de la modulation de frequence.principes, amplification</subfield></datafield><datafield ind1=" " ind2=" " tag="260"><subfield code="a">Paris, Soc.Des Editions Radio, 1957. 174 P. + Fig</subfield></datafield><datafield ind1=" " ind2=" " tag="852"><subfield code="a">12667</subfield></datafield></record></collection>